@misc{C1,
author = "Wikipedia collaborators",
title = "Wu Experiment",
year = "2020",
url = "https://en.wikipedia.org/wiki/Wu_experiment"}

@misc{C2,
  title = {Design of an Adiabatic Demagnetization Cryostat for Ultrasonic Studies.},
  author = {Shaffer, Leslie, Victor},
  year = {1966},
  URL = {https://calhoun.nps.edu/handle/10945/28108},
  publisher = {Calhoun}
}

@article{C3,
  title = {Experimental Test of Parity Conservation in Beta Decay},
  author = {Wu, C. S. and Ambler, E. and Hayward, R. W. and Hoppes, D. D. and Hudson, R. P.},
  journal = {Phys. Rev.},
  volume = {105},
  issue = {4},
  pages = {1413--1415},
  numpages = {0},
  year = {1957},
  month = {Feb},
  publisher = {American Physical Society},
  doi = {10.1103/PhysRev.105.1413},
  url = {https://link.aps.org/doi/10.1103/PhysRev.105.1413}
}
