@book{J1,
author= "Lancaster, Tom and J. Blundell, Stephen",
title = "Quantum Field Theory for the Gifted Amateur",
publisher = "Oxford University Press",
year  = "2014"}

@article{J2,
  title = {Theory of the {Fermi} Interaction},
  author = {Feynman, R. P. and Gell-Mann, M.},
  journal = {Phys. Rev.},
  volume = {109},
  issue = {1},
  pages = {193--198},
  numpages = {0},
  year = {1958},
  month = {Jan},
  publisher = {American Physical Society},
  doi = {10.1103/PhysRev.109.193},
  url = {https://link.aps.org/doi/10.1103/PhysRev.109.193}
}

@article{J3,
  title = {Question of Parity Conservation in Weak Interactions},
  author = {Lee, T. D. and Yang, C. N.},
  journal = {Phys. Rev.},
  volume = {104},
  issue = {1},
  pages = {254--258},
  numpages = {0},
  year = {1956},
  month = {Oct},
  publisher = {American Physical Society},
  doi = {10.1103/PhysRev.104.254},
  url = {https://link.aps.org/doi/10.1103/PhysRev.104.254}
}
