@book{L1,
author = "Zing Tsjeng",
title = "Forgotten Women: The Scientists",
publisher = "Hachette UK",
year  = "2018"}





@misc{L2,
author = "Elizabeth D. Schafer",
title = " Wu, Chien-Shiung (1912â€“1997)",
month = "October",
year = "2020",
note = {\url{https://www.encyclopedia.com/women/encyclopedias-almanacs-transcripts-and-maps/wu-chien-shiung-1912-1997#:~:text=%22It%20is%20not%20just%20a%20job.%20It%20is,in%20physics%2C%20Wu%20worked%20late%20into%20the%20night}}
}





@book{L3,
author= " McGrayne, Sharon Bertsch",
title = "Nobel Prize Women in Science: Their Lives, Struggles, and Momentous Discoveries",
publisher = "Carol Publishing Group",
year  = "1993"}

@book{L5,

author= "Chiang, Tsai-Chien",

title = "Madame Chien-Shiung Wu: The First Lady of Physics Research",

publisher = "World Scientific",

year  = "2014"}





@book{L6,

author= "Noretta Koertge",

title = "New Dictionary of Scientific Biography, Volume 6",

publisher = "Charles Scribner's Sons/Thomson Gale",

year  = "2008"}





@misc{L7,

author= " Biography.com Editors",

title = "Chien-Shiung Wu Biography",

 month = "June",
year = "2016",
note = {\url{https://www.biography.com/scientist/chien-shiung-wu}}

}





@misc{L9,
author = "MANHATTAN PROJECT NATIONAL HISTORICAL PARK",

title = " Dr. Chien-Shiung Wu, The First Lady of Physics",
month = "January",
year = "2019",
note = {\url{https://www.nps.gov/people/dr-chien-shiung-wu-the-first-lady-of-physics.htm}}

}





@misc{L10,
creator = " Beutler, Margarete",
title = " Wu, C. S (Chien-shiung) 1912-1997  ",
month = "March",
year = "1963",
note = {\url{https://commons.wikimedia.org/wiki/File:Left_to_right_Chien-shiung_Wu}}
}
