@misc{N1,
author = "AAUW",
title = " Chien-Shiung Wu Overlooked for Nobel Prize ",
month = "April",
year = "2020",
url = "https://www.aauw.org/resources/faces-of-aauw/chien-shiung-wu-overlooked-for-nobel-prize/"
}

@misc{N2,
author = "Dr. Kanta Dihal",
title = "Where State Politics Meets Gender Politics: Chien-Shiung Wu and the Manhattan Project",
month = "January",
year = "2018",
url = "https://thenewinquiry.com/blog/where-state-politics-meets-gender-politics-chien-shiung-wu-and-the-manhattan-project/"
}

@book{N3,
    author    = "Suw Charman-Anderson",
    title     = "A Passion for Science: Stories of Discovery and Invention",
    publisher = "FindingAda",
    year      = "2015"
}

@book{N4,
    author    = "Richard Hammond",
    title     = "Chien-Shung Wu: Pioneering Nuclear Physicist",
    publisher = "InfoBase Publishing",
    year      = "2009"
}

@misc{N6,
author = "Manhattan Project National Park Service",
title = " Dr. Chien-Shiung Wu, The First Lady of Physics",
month = "January",
year = "2020",
url = "https://www.nps.gov/people/dr-chien-shiung-wu-the-first-lady-of-physics.htm"
}

@misc{N7,
author = "Zing Tsjeng",
title = "The Chinese Madame Curie",
month = "March",
year = "2018",
url = "https://www.nps.gov/people/dr-chien-shiung-wu-the-first-lady-of-physics.htm"
}

@misc{N8,
author = "Nobel Media",
title = "The Nobel Prize in Physics 1957",
month = "November",
year = "2020",
url = "https://www.nobelprize.org/prizes/physics/1957/summary/"
}

@misc{N9,
author = "Kelly Richards",
title = "Chien-Shiung Wu",
month = "February",
year = "2019",
url = "https://oumnh.ox.ac.uk/chien-shiung-wu"
}

@misc{N10,
author = "Maia Weinstock",
title = "Channeling Ada Lovelace: Chien-Shiung Wu, Courageous Hero of Physics",
month = "October",
year = "2013",
url = "https://blogs.scientificamerican.com/guest-blog/channeling-ada-lovelace-chien-shiung-wu-courageous-hero-of-physics/"
}
